@BOOK{1988csup.book.....H,
   author = {{Hockney}, R.~W. and {Eastwood}, J.~W.},
    title = "{Computer simulation using particles}",
booktitle = {Bristol: Hilger, 1988},
     year = 1988,
   adsurl = {http://adsabs.harvard.edu/abs/1988csup.book.....H},
  adsnote = {Provided by the SAO/NASA Astrophysics Data System}
}

@ARTICLE{2013MNRAS.436..540H,
   author = {{Harnois-D{\'e}raps}, J. and {Pen}, U.-L. and {Iliev}, I.~T. and 
	{Merz}, H. and {Emberson}, J.~D. and {Desjacques}, V.},
    title = "{High-performance P$^{3}$M N-body code: CUBEP$^{3}$M}",
  journal = {\mnras},
archivePrefix = "arXiv",
   eprint = {1208.5098},
 keywords = {Dark matter, large-scale structure of Universe},
     year = 2013,
    month = nov,
   volume = 436,
    pages = {540-559},
      doi = {10.1093/mnras/stt1591},
   adsurl = {http://adsabs.harvard.edu/abs/2013MNRAS.436..540H},
  adsnote = {Provided by the SAO/NASA Astrophysics Data System}
}